@misc{adcroft_2004, title={Lecture 18: Ocean General Circulation Modelling}, author={Adcroft, A.}, howpublished={Available at: \url{https://ocw.mit.edu/courses/earth-atmospheric-and-planetary-sciences/12-950-atmospheric-and-oceanic-modeling-spring-2004/lecture-notes/lec20.pdf}}}

@misc{mit_2018,  title={MITgcm User Manual}, author={MIT Department of EAPS},  year={2018}, howpublished={Available at: \url{http://mitgcm.org/public/r2_manual/final/online_documents/manual.pdf}}}

@article{donea_huerta_ponthot_rodriguez-ferran_2004, title={Arbitrary Lagrangian-Eulerian Methods}, DOI={10.1002/0470091355.ecm009}, journal={Encyclopedia of Computational Mechanics}, author={Donea, J. and Huerta, A. and Ponthot, J.-Ph. and Rodriguez-Ferran, A.}, year={2004}}

@book{holm_schmah_stoica_2011, place={Oxford}, title={Geometric mechanics and symmetry: from finite to infinite dimensions}, publisher={Oxford Univ. Press}, author={Holm, D. D. and Schmah, T. and Stoica, C.}, year={2011}}

@article{danilov_sidorenko_wang_jung_2016, title={The Finite-volumE Sea ice-Ocean Model (FESOM2)}, DOI={10.5194/gmd-2016-260}, journal={Geoscientific Model Development Discussions}, author={Danilov, S. and Sidorenko, D. and Wang, Q. and Jung, T.}, year={2016}, pages={1--44}}

@article{rossby_1996, title={The North Atlantic Current and surrounding waters: At the crossroads}, volume={34}, DOI={10.1029/96rg02214}, number={4}, journal={Reviews of Geophysics}, author={Rossby, T.}, year={1996}, pages={463--481}}

@article{berloff_2015, title={Dynamically consistent parameterization of mesoscale eddies. Part I: Simple model}, volume={87}, DOI={10.1016/j.ocemod.2014.12.008}, journal={Ocean Modelling}, author={Berloff, P.}, year={2015}, pages={1--19}}

@article{berloff_2016, title={Dynamically Consistent Parameterization of Mesoscale Eddies--Part II: Eddy Fluxes and Diffusivity from Transient Impulses}, volume={1}, DOI={10.3390/fluids1030022}, number={3}, journal={Fluids}, author={Berloff, P.}, year={2016}, pages={22}}

@article{berloff_2018, title={Dynamically consistent parameterization of mesoscale eddies. Part III: Deterministic approach}, volume={127}, DOI={10.1016/j.ocemod.2018.04.009}, journal={Ocean Modelling}, author={Berloff, P.}, year={2018}, pages={1-15}}

@article{juricke_danilov_kutsenko_oliver_2019, title={Ocean kinetic energy backscatter parametrizations on unstructured grids: Impact on mesoscale turbulence in a channel}, volume={138}, DOI={10.1016/j.ocemod.2019.03.009}, journal={Ocean Modelling}, author={Juricke, S. and Danilov, S. and Kutsenko, A. and Oliver, M.}, year={2019}, pages={51-67}}

@article{gent_mcwilliams_1990, title={Isopycnal Mixing in Ocean Circulation Models}, volume={20}, DOI={10.1175/1520-0485(1990)020<0150:imiocm>2.0.co;2}, number={1}, journal={Journal of Physical Oceanography}, author={Gent, P. R. and Mcwilliams, J. C.}, year={1990}, pages={150-155}}

@article{fox-kemper_menemenlis_2008, title={Can large eddy simulation techniques improve mesoscale rich ocean models?}, DOI={10.1029/177gm19}, journal={Ocean Modeling in an Eddying Regime Geophysical Monograph Series}, author={Fox-Kemper, B. and Menemenlis, D.}, year={2008}, pages={319-337}}

@article{jansen_held_2014, title={Parameterizing subgrid-scale eddy effects using energetically consistent backscatter}, volume={80}, DOI={10.1016/j.ocemod.2014.06.002}, journal={Ocean Modelling}, author={Jansen, M. F. and Held, I. M.}, year={2014}, pages={36-48}}

@article{danilov_juricke_kutsenko_oliver_2019, title={Toward Consistent Subgrid Momentum Closures in Ocean Models}, DOI={10.1007/978-3-030-05704-6_5}, journal={Mathematics of Planet Earth Energy Transfers in Atmosphere and Ocean}, author={Danilov, S. and Juricke, S. and Kutsenko, A. and Oliver, M.}, year={2019}, pages={145-192}}

@article{cotter_crisan_holm_pan_shevchenko_2018,
  title={Modelling uncertainty using circulation-preserving stochastic transport noise in a 2-layer quasi-geostrophic model},
  author={Cotter, C. and Crisan, D. and Holm, D. D. and Pan, W. and Shevchenko, I.},
  journal={arXiv preprint arXiv:1802.05711},
  year={2018}
}

@article{kondrashov_chekroun_berloff_2018, title={Multiscale Stuart-Landau Emulators: Application to Wind-Driven Ocean Gyres}, volume={3}, DOI={10.3390/fluids3010021}, number={1}, journal={Fluids}, author={Kondrashov, D. and Chekroun, M. and Berloff, P.}, year={2018}, pages={21}}

@article{jackett_mcdougall_1995, title={Minimal Adjustment of Hydrographic Profiles to Achieve Static Stability}, volume={12}, DOI={10.1175/1520-0426(1995)012<0381:maohpt>2.0.co;2}, number={2}, journal={Journal of Atmospheric and Oceanic Technology}, author={Jackett, D. R. and Mcdougall, T. J.}, year={1995}, pages={381-389}}

@article{hallberg_2013, title={Using a resolution function to regulate parameterizations of oceanic mesoscale eddy effects}, volume={72}, DOI={10.1016/j.ocemod.2013.08.007}, journal={Ocean Modelling}, author={Hallberg, Robert}, year={2013}, pages={92-103}}

@book{gill_2008, place={San Diego}, title={Atmosphere - ocean dynamics}, publisher={Academic Press}, author={Gill, Adrian E.}, year={2008}}


